%http://en.wikipedia.org/wiki/BibTeX --How to is all there
@book{epo3-manual,
        author                =        "E.A. {Hendriks} and A. {Bakker} and A. {Frehe} and P. {Groeneveld} and R. {Nouta} and C. {Verhoeven} and S. de {Graaf} and J. {Liedorp} and A.J. van {Genderen}",
        title                =        "Projecthandleiding - Ontwerp een Chip",
        publisher        =        "Delft University of Technology",
        year                =        2013
        month         =        semptember
}
@book{rabaey-integrated-circuits,
        author                =        "Jan. M. {Rabaey} and Anantha {Chandrakasan} and Borivoje {Nikoli\'{c}}",
        title                =        "Digital Integrated Circuits - A Design Perspective",
        edition                =        "Second",
        publisher        =        "Prentice Hall",
        year                =        2003
}
@misc{nick-slides,
        author                 =         "Nick van der {Meijs}",
        howpublished         = "Website",
        year                =        2013,
        title                =        "Module 1: Devices"
}
@misc{patel-slides,
        author                 = "Chintan {Patel}",
        howpublished         = "Website",
        year                =        2010,
        title                =        "Lecture 7: MOS Transistor Details",
        publisher        =         "UMBC: An Honor University In Maryland",
}
@misc{epo3-opdracht-4,
        author                 =         "Nick van der {Meijs} and M.E. {Weskin}",
        howpublished         = "Website",
        year                =        2011,
        title                =        "{EE}2821 - Maak een Chip - Opdracht 4"
}
@misc{epo3-opdracht-5,
        author                 =         "Nick van der {Meijs} and M.E. {Weskin}",
        howpublished         = "Website",
        year                =        2011,
        title                =        "{EE}2821 - Maak een Chip - Opdracht 5"
}
@misc{wikipedia,
	author 		= 	"Wikipedia",
	howpublished 	= "Website",
	year		=	2013,
	title		=	"Ring oscillator"
}
@ONLINE{geforce256,
	author 	=	{Nvidia},
	title		=	{Nvidia GeForce 256},
	year		=	{1999},
	url 		=	{http://www.nvidia.com/page/geforce256.html}
}

@ONLINE{AVR,
	author 	=	{Atmel},
	title		=	{8-bit Atmel Microcontroller with 64K/128K/256K Bytes In-System Programmable Flash},
	year		=	{2012},
	url 		=	{http://www.atmel.com/Images/doc2549.pdf}
}

@ONLINE{line-alg,
        title   = {Bresenham's line algorithm},
        url     = {http://en.wikipedia.org/wiki/Bresenham's_line_algorithm#Algorithm_with_Integer_Arithmetic},
        urldate = {2013-12-13}
}

@book{epo4-manual,
        author                =        "P. {Bauer} and G.A. {Delgado Lopes} and G.J.M. {Janssen} and D. {Jeltsema} and B.J. {Kooij} and I.E. {Lager} and N.P. {van der Meijs} and J.W. {van der Merwe} and J. {Popovic} and E.G.H. Roeling and D.M.J. {Tax} and A.J. {van der Veen} and T. {Velzeboer} and M.E. {Weskin}",
        title                =        "Electric Transport 2020 - Student Manual",
        publisher        =        "Delft University of Technology",
        year                =        2014
}

@ONLINE{OptiMOS2,
        author  =       {Infinion},
        title           =       {OptiMOS®2 Power-Transistor},
        year            =       {2010},
        url             =       {https://blackboard.tudelft.nl/bbcswebdav/pid-2128349-dt-content-rid-7114714_2/courses/28189-131403/IPP50CN10N.pdf}
}

@ONLINE{OptiMOS3,
        author  =       {Infinion},
        title           =       {OptiMOS®3 Power-Transistor},
        year            =       {2008},
        url             =       {https://blackboard.tudelft.nl/bbcswebdav/pid-2128349-dt-content-rid-7114713_2/courses/28189-131403/IPP028N08N3G.pdf}
}

@ONLINE{SB540,
        author  =       {Fairchild},
        title           =       {SB520 - SB5100},
        year            =       {2001},
        url             =       {https://blackboard.tudelft.nl/bbcswebdav/pid-2128349-dt-content-rid-7114731_2/courses/28189-131403/SB540.pdf}
}

@ONLINE{SF61,
        author  =       {Multicomp},
        title           =       {SF6x Series},
        year            =       {2008},
        url             =       {https://blackboard.tudelft.nl/bbcswebdav/pid-2128349-dt-content-rid-7114734_2/courses/28189-131403/SF61.pdf}
}

@ONLINE{emaxx-specs,
	author = {Traxxas},
	title= {E-MAXX (\#3903) SPECS},
	url={http://traxxas.com/products/models/electric/3903emaxx-specs}
}